@inproceedings{Desmarais2011,
  title={Conditions for effectively deriving a q-matrix from data with non-negative matrix factorization},
  author={Desmarais, Michel C. and others},
  booktitle={4th International Conference on Educational Data Mining, EDM},
  pages={41--50},
  year={2011},
  hyphenation={english}
}

@article{Desmarais2012,
  title={A review of recent advances in learner and skill modeling in intelligent learning environments},
  author={Desmarais, Michel C. and Baker, Ryan S. J. D.},
  journal={User Modeling and User-Adapted Interaction},
  volume={22},
  number={1-2},
  pages={9--38},
  year={2012},
  publisher={Springer},
  hyphenation={english}
}

@article{Cheng2009,
  title={When cognitive diagnosis meets computerized adaptive testing: {CD-CAT}},
  author={Cheng, Ying},
  journal={Psychometrika},
  volume={74},
  number={4},
  pages={619--632},
  year={2009},
  publisher={Springer},
  hyphenation={english}
}

@inproceedings{Xu2003,
  title={A simulation study to compare {CAT} strategies for cognitive diagnosis},
  author={Xu, Xueli and Chang, H. and Douglas, Jeff},
  booktitle={annual meeting of the American Educational Research Association, Chicago},
  year={2003},
  hyphenation={english}
}

@article{Huebner2010,
  title={An Overview of Recent Developments in Cognitive Diagnostic Computer Adaptive Assessments.},
  author={Huebner, Alan},
  journal={Practical Assessment, Research \& Evaluation},
  volume={15},
  number={3},
  pages={7},
  year={2010},
  publisher={ERIC},
  hyphenation={english}
}

@article{MagisRaiche2012,
  author =  "David Magis and Gilles Ra√Æche",
  title =   {Random Generation of Response Patterns under Computerized Adaptive Testing with the {R} Package {catR}},
  journal = "Journal of Statistical Software",
  volume =  "48",
  number =  "8",
  pages =   "1--31",
  day =     "24",
  month =   "5",
  year =    "2012",
  CODEN =   "JSSOBK",
  ISSN =    "1548-7660",
  bibdate = "2012-01-09",
  URL =     "http://www.jstatsoft.org/v48/i08",
  accepted =    "2012-01-09",
  acknowledgement = "",
  keywords =    "",
  submitted =   "2011-04-22",
  hyphenation={english}
}

@inproceedings{Barnes2005,
  title={The q-matrix method: Mining student response data for knowledge},
  author={Barnes, Tiffany},
  booktitle={American Association for Artificial Intelligence 2005 Educational Data Mining Workshop},
  year={2005},
  hyphenation={english}
}

@article{Tatsuoka1983,
  title={Rule space: An approach for dealing with misconceptions based on item response theory},
  author={Tatsuoka, Kikumi K.},
  journal={Journal of Educational Measurement},
  volume={20},
  number={4},
  pages={345--354},
  year={1983},
  publisher={Wiley Online Library},
  hyphenation={english}
}

@book{Baker2004,
  title={Item response theory: Parameter estimation techniques},
  author={Baker, Frank B. and Kim, Seock-Ho},
  year={2004},
  publisher={CRC Press},
  hyphenation={english}
}

@article{DeLaTorreDouglas2004,
  title={Higher-order latent trait models for cognitive diagnosis},
  author={De La Torre, Jimmy and Douglas, Jeffrey A.},
  journal={Psychometrika},
  volume={69},
  number={3},
  pages={333--353},
  year={2004},
  publisher={Springer},
  hyphenation={english}
}

@article{McGlohen2008,
  title={Combining computer adaptive testing technology with cognitively diagnostic assessment},
  author={McGlohen, Meghan and Chang, Hua-Hua},
  journal={Behavior Research Methods},
  volume={40},
  number={3},
  pages={808--821},
  year={2008},
  publisher={Springer},
  hyphenation={english}
}

@article{Barnes2003,
  title={The q-matrix method of fault-tolerant teaching in knowledge assessment and data mining},
  author={Barnes, Tiffany Michelle},
  year={2003},
  hyphenation={english}
}

@article{Rizopoulos2006,
  author =  "Dimitris Rizopoulos",
  title =   "ltm: An {R} Package for Latent Variable Modeling and Item Response Analysis",
  journal = "Journal of Statistical Software",
  volume =  "17",
  number =  "5",
  pages =   "1--25",
  day =     "20",
  month =   "11",
  year =    "2006",
  CODEN =   "JSSOBK",
  ISSN =    "1548-7660",
  bibdate = "2006-11-20",
  URL =     "http://www.jstatsoft.org/v17/i05",
  accepted =    "2006-11-20",
  acknowledgement = "",
  keywords =    "",
  submitted =   "2006-05-08",
  hyphenation={english}
}

@incollection{Rudner2010,
  title={Implementing the Graduate Management Admission Test Computerized Adaptive Test},
  author={Rudner, Lawrence M.},
  booktitle={Elements of adaptive testing},
  pages={151--165},
  year={2010},
  publisher={Springer},
  hyphenation={english}
}

@book{Hambleton1991,
  title={Fundamentals of item response theory},
  author={Hambleton, Ronald K. and Swaminathan, Hariharan and Rogers, H. Jane},
  year={1991},
  publisher={Sage},
  hyphenation={english}
}

@article{Gneiting2007,
  title={Strictly proper scoring rules, prediction, and estimation},
  author={Gneiting, Tilmann and Raftery, Adrian E.},
  journal={Journal of the American Statistical Association},
  volume={102},
  number={477},
  pages={359--378},
  year={2007},
  publisher={Taylor \& Francis},
  hyphenation={english}
}

@article{Gautier2008,
  title={rpy2: A simple and efficient access to {R} from {Python}},
  author={Gautier, L.},
  URL =     "http://rpy.sourceforge.net/rpy2.html",
  year={2008},
  hyphenation={english}
}

@inproceedings{Winters2005,
  title={Topic extraction from item-level grades},
  author={Winters, Titus and Shelton, Christian and Payne, Tom and Mei, Guobiao},
  booktitle={American Association for Artificial Intelligence 2005 Workshop on Educational Datamining, Pittsburgh, PA},
  volume={1},
  pages={3},
  year={2005},
  hyphenation={english}
}

@inproceedings{Vats2013,
  title={Test-size reduction for concept estimation},
  author={Vats, Divyanshu and Studer, Christoph and Lan, Andrew S. and Carin, Lawrence and Baraniuk, Richard G.},
  booktitle={Proc. 6th Intl. Conf. on Educational Data Mining},
  pages={292--295},
  year={2013},
  hyphenation={english}
}

@article{Chang2014,
  title={Psychometrics Behind Computerized Adaptive Testing},
  author={Chang, Hua-Hua},
  journal={Psychometrika},
  pages={1--20},
  year={2014},
  publisher={Springer},
  hyphenation={english}
}

@article{Bradshaw2014,
  year={2014},
  issn={0033-3123},
  journal={Psychometrika},
  volume={79},
  number={3},
  doi={10.1007/s11336-013-9350-4},
  title={Combining Item Response Theory and Diagnostic Classification Models: A Psychometric Model for Scaling Ability and Diagnosing Misconceptions},
  url={http://dx.doi.org/10.1007/s11336-013-9350-4},
  publisher={Springer US},
  keywords={diagnostic classification models; item response theory; diagnosing student misconceptions; multidimensional measurement model; nominal response},
  author={Bradshaw, Laine and Templin, Jonathan},
  pages={403-425},
  language={English},
  hyphenation={english}
}

@article{Segall1996,
  title={Multidimensional adaptive testing},
  author={Segall, Daniel O.},
  journal={Psychometrika},
  volume={61},
  number={2},
  pages={331--354},
  year={1996},
  publisher={Springer},
  hyphenation={english}
}

@article{Robitzsch2014,
  title={CDM: Cognitive diagnosis modeling},
  author={Robitzsch, A. and Kiefer, T. and George, A. C. and {\"U}nl{\"u}, A.},
  journal={R Package version},
  volume={3},
  year={2014},
  hyphenation={english}
}

@article{DeCarlo2010,
  title={On the analysis of fraction subtraction data: The DINA model, classification, latent class sizes, and the Q-matrix},
  author={DeCarlo, Lawrence T.},
  journal={Applied Psychological Measurement},
  year={2010},
  publisher={SAGE Publications},
  hyphenation={english}
}

@article{Eggen2012,
  title={Computerized adaptive testing item selection in computerized adaptive learning systems},
  author={Eggen, Theo J. H. M.},
  year={2012},
  publisher={RCEC},
  hyphenation={english}
}

@article{Huo2014,
  title={A Hierarchical Multi-Unidimensional IRT Approach for Analyzing Sparse, Multi-Group Data for Integrative Data Analysis},
  author={Huo, Yan and de la Torre, Jimmy and Mun, Eun-Young and Kim, Su-Young and Ray, Anne E. and Jiao, Yang and White, Helene R.},
  journal={Psychometrika},
  pages={1--22},
  year={2014},
  publisher={Springer},
  hyphenation={english}
}

@article{Wang2013,
  title={Mutual information item selection method in cognitive diagnostic computerized adaptive testing with short test length},
  author={Wang, Chun},
  journal={Educational and Psychological Measurement},
  volume={73},
  number={6},
  pages={1017--1035},
  year={2013},
  publisher={SAGE Publications},
  hyphenation={english}
}

@book{Lord1980,
  title={Applications of item response theory to practical testing problems},
  author={Lord, Frederic M.},
  year={1980},
  publisher={Routledge},
  hyphenation={english}
}

@book{Wainer2000,
  title={Computerized adaptive testing: A primer},
  author={Wainer, Howard and Dorans, Neil J. and Flaugher, Ronald and Green, Bert F. and Mislevy, Robert J.},
  year={2000},
  publisher={Routledge},
  hyphenation={english}
}

@book{VDL2000,
  title={Computerized adaptive testing: Theory and practice},
  author={van der Linden, Wim J. and Glas, Cees A. W. and others},
  year={2000},
  publisher={Springer},
  hyphenation={english}
}

@article{Yager1987,
  title={On the Dempster-Shafer framework and new combination rules},
  author={Yager, Ronald R.},
  journal={Information sciences},
  volume={41},
  number={2},
  pages={93--137},
  year={1987},
  publisher={Elsevier},
  hyphenation={english}
}

@article{Koedinger2012,
  title={Automated Student Model Improvement.},
  author={Koedinger, Kenneth R. and McLaughlin, Elizabeth A. and Stamper, John C.},
  journal={International Educational Data Mining Society},
  year={2012},
  publisher={ERIC},
  hyphenation={english}
}

@article{Bergner2012,
  title={Model-Based Collaborative Filtering Analysis of Student Response Data: Machine-Learning Item Response Theory.},
  author={Bergner, Yoav and Droschler, Stefan and Kortemeyer, Gerd and Rayyan, Saif and Seaton, Daniel and Pritchard, David E.},
  journal={International Educational Data Mining Society},
  year={2012},
  publisher={ERIC},
  hyphenation={english}
}

@book{Hambleton1985,
  title={Item response theory: Principles and applications},
  author={Hambleton, Ronald K. and Swaminathan, Hariharan},
  volume={7},
  year={1985},
  publisher={Springer Science \& Business Media},
  hyphenation={english}
}

@article{ThaiNghe2010,
  title={Recommender system for predicting student performance},
  author={Thai-Nghe, Nguyen and Drumond, Lucas and Krohn-Grimberghe, Artus and Schmidt-Thieme, Lars},
  journal={Procedia Computer Science},
  volume={1},
  number={2},
  pages={2811--2819},
  year={2010},
  publisher={Elsevier},
  hyphenation={english}
}

@article{Toscher2010,
  title={Collaborative filtering applied to educational data mining},
  author={Toscher, A. and Jahrer, Michael},
  journal={KDD cup},
  year={2010},
  hyphenation={english}
}

@article{Lan2014,
  title={Sparse factor analysis for learning and content analytics},
  author={Lan, Andrew S. and Waters, Andrew E. and Studer, Christoph and Baraniuk, Richard G.},
  journal={The Journal of Machine Learning Research},
  volume={15},
  number={1},
  pages={1959--2008},
  year={2014},
  publisher={JMLR.org},
  hyphenation={english}
}

@article{Lan2014b,
  title={Tag-aware ordinal sparse factor analysis for learning and content analytics},
  author={Lan, Andrew S. and Studer, Christoph and Waters, Andrew E. and Baraniuk, Richard G.},
  journal={arXiv preprint arXiv:1412.5967},
  year={2014},
  hyphenation={english}
}

@inproceedings{Anava2015,
  title={Budget-Constrained Item Cold-Start Handling in Collaborative Filtering Recommenders via Optimal Design},
  author={Anava, Oren and Golan, Shahar and Golbandi, Nadav and Karnin, Zohar and Lempel, Ronny and Rokhlenko, Oleg and Somekh, Oren},
  booktitle={Proceedings of the 24th International Conference on World Wide Web},
  pages={45--54},
  year={2015},
  organization={International World Wide Web Conferences Steering Committee},
  hyphenation={english}
}

@inproceedings{Golbandi2011,
  title={Adaptive bootstrapping of recommender systems using decision trees},
  author={Golbandi, Nadav and Koren, Yehuda and Lempel, Ronny},
  booktitle={Proceedings of the fourth ACM international conference on Web search and data mining},
  pages={595--604},
  year={2011},
  organization={ACM},
  hyphenation={english}
}

@article{Golovin2011,
  title={Adaptive submodularity: Theory and applications in active learning and stochastic optimization},
  author={Golovin, Daniel and Krause, Andreas},
  journal={Journal of Artificial Intelligence Research},
  pages={427--486},
  year={2011},
  hyphenation={english}
}

@article{Chang1999,
  title={A-stratified multistage computerized adaptive testing},
  author={Chang, Hua-Hua and Ying, Zhiliang},
  journal={Applied Psychological Measurement},
  volume={23},
  number={3},
  pages={211--222},
  year={1999},
  publisher={Sage Publications},
  hyphenation={english}
}

@book{VDL2010,
  title={Elements of adaptive testing},
  author={van der Linden, Wim J. and Glas, Cees A. W.},
  year={2010},
  publisher={Springer},
  hyphenation={english}
}

@article{Verhelst2012,
  title={Profile analysis: a closer look at the PISA 2000 reading data},
  author={Verhelst, Norman D.},
  journal={Scandinavian Journal of Educational Research},
  volume={56},
  number={3},
  pages={315--332},
  year={2012},
  publisher={Taylor \& Francis},
  hyphenation={english}
}

@book{Reckase2009,
  title={Multidimensional item response theory},
  author={Reckase, Mark},
  volume={150},
  year={2009},
  publisher={Springer},
  hyphenation={english}
}

@incollection{Falmagne2006,
  title={The assessment of knowledge, in theory and in practice},
  author={Falmagne, Jean-Claude and Cosyn, Eric and Doignon, Jean-Paul and Thi{\'e}ry, Nicolas},
  booktitle={Formal concept analysis},
  pages={61--79},
  year={2006},
  publisher={Springer},
  hyphenation={english}
}

@book{Doignon2012,
  title={Knowledge spaces},
  author={Doignon, Jean-Paul and Falmagne, Jean-Claude},
  year={2012},
  publisher={Springer Science \& Business Media},
  hyphenation={english}
}

@inproceedings{ThaiNghe2011,
  title={Multi-relational factorization models for predicting student performance},
  author={Thai-Nghe, Nguyen and Drumond, Lucas and Horv{\'a}th, Tom{\'a}{\v{s}} and Schmidt-Thieme, Lars and others},
  booktitle={Proc. of the KDD Workshop on Knowledge Discovery in Educational Data},
  year={2011},
  organization={Citeseer},
  hyphenation={english}
}

@misc{Lynch2014,
  title={Real world usage of an adaptive testing algorithm to uncover latent knowledge},
  author={Lynch, Danny and Howlin, Colm P.},
  year={2014},
  publisher={ICERI},
  hyphenation={english}
}

@inproceedings{Ueno2010,
  title={Computerized adaptive testing based on decision tree},
  author={Ueno, Maomi and Songmuang, Pokpong},
  booktitle={2010 10th IEEE International Conference on Advanced Learning Technologies},
  pages={191--193},
  year={2010},
  organization={IEEE},
  hyphenation={english}
}

@article{Leighton2004,
  title={The Attribute Hierarchy Method for Cognitive Assessment: A Variation on Tatsuoka's Rule-Space Approach},
  author={Leighton, Jacqueline P. and Gierl, Mark J. and Hunka, Stephen M.},
  journal={Journal of Educational Measurement},
  volume={41},
  number={3},
  pages={205--237},
  year={2004},
  publisher={Wiley Online Library},
  hyphenation={english}
}

@article{Rupp2012,
  title={Putting ECD into practice: The interplay of theory and data in evidence models within a digital learning environment},
  author={Rupp, A. and Levy, Roy and Dicerbo, Kristen E. and Sweet, Shauna J. and Crawford, Aaron V. and Calico, Tiago and Benson, Martin and Fay, Derek and Kunze, Katie L. and Mislevy, Robert J. and others},
  journal={JEDM-Journal of Educational Data Mining},
  volume={4},
  number={1},
  pages={49--110},
  year={2012},
  hyphenation={english}
}

@article{Kickmeier2015,
  title={Competence-Based Knowledge Space Theory},
  author={Kickmeier-Rust, Michael D. and Albert, Dietrich},
  journal={Measuring and Visualizing Learning in the Information-Rich Classroom},
  pages={109},
  year={2015},
  publisher={Routledge},
  hyphenation={english}
}

@article{Yan2004,
  title={Adaptive testing with regression trees in the presence of multidimensionality},
  author={Yan, Duanli and Lewis, Charles and Stocking, Martha},
  journal={Journal of Educational and Behavioral Statistics},
  volume={29},
  number={3},
  pages={293--316},
  year={2004},
  publisher={SAGE Publications},
  hyphenation={english}
}

@book{Yan2014,
  title={Computerized Multistage Testing},
  author={Yan, Duanli and von Davier, Alina A. and Lewis, Charles},
  publisher={CRC Press},
  year={2014},
  hyphenation={english}
}

@inproceedings{Mandin2014,
  title={Basing learner modelling on an ontology of knowledge and skills},
  author={Mandin, Sonia and Guin, Nathalie},
  booktitle={Advanced Learning Technologies (ICALT), 2014 IEEE 14th International Conference on},
  pages={321--323},
  year={2014},
  organization={IEEE},
  hyphenation={english}
}

@article{Davier2005,
  title={A general diagnostic model applied to language testing data},
  author={Davier, Matthias},
  journal={ETS Research Report Series},
  volume={2005},
  number={2},
  pages={i--35},
  year={2005},
  publisher={Wiley Online Library},
  hyphenation={english}
}

@techreport{GMAT2013,
  author = {{Graduate Management Admission Council}},
  institution = {Graduate Management Admission Council},
  title = {{Profile of GMAT¬Æ Candidates -- Executive Summary}},
  url = "http://www.gmac.com/market-intelligence-and-research/research-library/gmat-test-taker-data/profile-documents/2013-profile-of-gmat-candidates-executive-summary.aspx",
  year = {2013}, 
  note = "Acc√©d√© le 1\ier{} avril 2016",
  hyphenation={english}
}

@article{Pena2014,
  title={Educational data mining: A survey and a data mining-based analysis of recent works},
  author={Pe{\~n}a-Ayala, Alejandro},
  journal={Expert systems with applications},
  volume={41},
  number={4},
  pages={1432--1462},
  year={2014},
  publisher={Elsevier},
  hyphenation={english}
}

@incollection{Baker2014,
  title={Educational data mining and learning analytics},
  author={Baker, Ryan Shaun and Inventado, Paul Salvador},
  booktitle={Learning Analytics},
  pages={61--75},
  year={2014},
  publisher={Springer},
  hyphenation={english}
}

@article{Tempelaar2015,
  title={In search for the most informative data for feedback generation: Learning Analytics in a data-rich context},
  author={Tempelaar, Dirk T. and Rienties, Bart and Giesbers, Bas},
  journal={Computers in Human Behavior},
  volume={47},
  pages={157--167},
  year={2015},
  publisher={Elsevier},
  hyphenation={english}
}

@inproceedings{Chen2015,
  title={Computer Adaptive Testing Using the Same-Decision Probability},
  author={Chen, Suming and Choi, Arthur and Darwiche, Adnan},
  booktitle={12th Annual Bayesian Modeling Applications Workshop (BMAW)},
  year={2015},
  hyphenation={english}
}

@article{Redecker2013,
  title={Changing assessment‚ÄîTowards a new assessment paradigm using ICT},
  author={Redecker, Christine and Johannessen, {\O}ystein},
  journal={European Journal of Education},
  volume={48},
  number={1},
  pages={79--96},
  year={2013},
  publisher={Wiley Online Library},
  hyphenation={english}
}

@article{Chatti2012,
  title={A reference model for learning analytics},
  author={Chatti, Mohamed Amine and Dyckhoff, Anna Lea and Schroeder, Ulrik and Th{\"u}s, Hendrik},
  journal={International Journal of Technology Enhanced Learning},
  volume={4},
  number={5-6},
  pages={318--331},
  year={2012},
  publisher={Inderscience Publishers},
  hyphenation={english}
}

@article{Ferguson2012,
  title={Learning analytics: drivers, developments and challenges},
  author={Ferguson, Rebecca},
  journal={International Journal of Technology Enhanced Learning},
  volume={4},
  number={5-6},
  pages={304--317},
  year={2012},
  publisher={Inderscience Publishers},
  hyphenation={english}
}

@article{Shute2016,
  title={Advances in the science of assessment},
  author={Shute, Valerie J. and Leighton, Jacqueline P. and Jang, Eunice E. and Chu, Man-Wai},
  journal={Educational Assessment},
  volume={21},
  number={1},
  pages={34--59},
  year={2016},
  publisher={Taylor \& Francis},
  hyphenation={english}
}}

@techreport{Obama2014,
  title={Big data: seizing opportunities, preserving values},
  author={{Executive Office of the President} and Podesta, John},
  institution={The White House},
  year={2014},
  hyphenation={english}
}

@article{Mislevy2012,
  title={Design and discovery in educational assessment: Evidence-centered design, psychometrics, and educational data mining},
  author={Mislevy, Robert J. and Behrens, John T. and Dicerbo, Kristen E. and Levy, Roy},
  journal={JEDM-Journal of Educational Data Mining},
  volume={4},
  number={1},
  pages={11--48},
  year={2012},
  hyphenation={english}
}

@article{Zernike2015,
  title={Obama Administration Calls for Limits on Testing in Schools},
  url={http://www.nytimes.com/2015/10/25/us/obama-administration-calls-for-limits-on-testing-in-schools.html},
  note={Acc√©d√© le 2 avril 2016},
  journal={The New York Times},
  author={Zernike, K.},
  month=oct,
  year={2015},
  hyphenation={english}
}

@article{Korn2016,
  title={Imagine Discovering that your Teaching Assistant is Really a Robot. The Wall Street Journal},
  url={http://www.wsj.com/articles/if-your-teacher-sounds-like-a-robot-you-might-be-on-to-something-1462546621},
  note={Acc√©d√© le 4 octobre 2016},
  journal={The Wall Street Journal},
  author={Korn, M.},
  month=may,
  year={2016},
  hyphenation={english}
}

@article{Goggins2015,
  title={Learning Analytics at" Small" Scale: Exploring a Complexity-Grounded Model for Assessment Automation.},
  author={Goggins, Sean P. and Xing, Wanli and Chen, Xin and Chen, Bodong and Wadholm, Bob},
  journal={J. UCS},
  volume={21},
  number={1},
  pages={66--92},
  year={2015},
  hyphenation={english}
}

@article{Wang2016,
  title={Hybrid Computerized Adaptive Testing: From Group Sequential Design to Fully Sequential Design},
  author={Wang, Shiyu and Lin, Haiyan and Chang, Hua-Hua and Douglas, Jeff},
  journal={Journal of Educational Measurement},
  volume={53},
  number={1},
  pages={45--62},
  year={2016},
  publisher={Wiley Online Library},
  hyphenation={english}
}

@article{Zou2006,
  title={Sparse principal component analysis},
  author={Zou, Hui and Hastie, Trevor and Tibshirani, Robert},
  journal={Journal of computational and graphical statistics},
  volume={15},
  number={2},
  pages={265--286},
  year={2006},
  publisher={Taylor \& Francis},
  hyphenation={english}
}

@article{Su2013,
  title={Hierarchical cognitive diagnostic analysis for TIMSS] 2003 mathematics},
  author={Su, Yu-Law and Choi, K. M. and Lee, W. C. and Choi, T. and McAninch, M.},
  journal={Centre for Advanced Studies in Measurement and Assessment},
  volume={35},
  pages={1--71},
  year={2013},
  hyphenation={english}
}

@article{Clement2015,
  title={Multi-Armed Bandits for Intelligent Tutoring Systems},
  author={Clement, Benjamin and Roy, Didier and Oudeyer, Pierre-Yves and Lopes, Manuel},
  journal={JEDM-Journal of Educational Data Mining},
  volume={7},
  number={2},
  pages={20--48},
  year={2015},
  hyphenation={english}
}

@book{Vygotsky1980,
  title={Mind in society: The development of higher psychological processes},
  author={Vygotsky, Lev Semenovich},
  year={1980},
  publisher={Harvard university press},
  hyphenation={english}
}

@inproceedings{Vie2016,
  title={Adaptive Testing Using a General Diagnostic Model},
  author={Vie, Jill-J{\^e}nn and Popineau, Fabrice and Bourda, Yolaine and Bruillard, {\'E}ric},
  booktitle={European Conference on Technology Enhanced Learning},
  pages={331--339},
  year={2016},
  organization={Springer},
  hyphenation={english}
}

@inproceedings{Abdalla2012,
  title={Leakage-Resilient spatial encryption},
  author={Abdalla, Michel and Vie, Jill-J{\^e}nn},
  booktitle={International Conference on Cryptology and Information Security in Latin America},
  pages={78--99},
  year={2012},
  organization={Springer},
  hyphenation={english}
}

@inproceedings{Vie2015b,
  title={Pr{\'e}diction de performance sur des questions dichotomiques : comparaison de mod{\`e}les pour des tests adaptatifs {\`a} grande {\'e}chelle},
  author={Vie, Jill-J{\^e}nn and Popineau, Fabrice and Grill, Jean-Bastien and Bruillard, {\'E}ric and Bourda, Yolaine},
  booktitle={Atelier {\'E}valuation des Apprentissages et Environnements Informatiques, EIAH 2015},
  year={2015},
  hyphenation={french}
}

@inproceedings{Vie2015,
  title={Predicting Performance over Dichotomous Questions: Comparing Models for Large-Scale Adaptive Testing},
  author={Vie, Jill-J{\^e}nn and Popineau, Fabrice and Grill, Jean-Bastien and Bruillard, √âric and Bourda, Yolaine},
  booktitle={8th International Conference on Educational Data Mining (EDM 2015)},
  year={2015},
  hyphenation={english}
}

@incollection{Vie2016b,
  title={A review of recent advances in adaptive assessment},
  author={Vie, Jill-J{\^e}nn and Popineau, Fabrice and Bourda, Yolaine and Bruillard, √âric},
  booktitle={Learning analytics: Fundaments, applications, and trends: A view of the current state of the art},
  pages={in press},
  year={2016},
  publisher={Springer},
  hyphenation={english}
}

@article{Vie2016c,
  title={Utilisation de tests adaptatifs dans les MOOC dans un cadre de crowdsourcing},
  author={Vie, Jill-J{\^e}nn and Popineau, Fabrice and Bruillard, √âric and Bourda, Yolaine},
  journal={STICEF},
  pages={in review},
  year={2016},
  hyphenation={french}
}

@book{Durr2016,
  title={Programmation efficace},
  author={D{\"u}rr, Christoph and Vie, Jill-J{\^e}nn},
  year={2016},
  publisher={Ellipses},
  hyphenation={french}
}

@article{Cisel2016,
  title={Des cibleurs aux s√©lectionneurs : une r√©flexion sur l'assiduit√© des utilisateurs de MOOC},
  author={Cisel, Matthieu and Bruillard, √âric},
  booktitle={STICEF 2016},
  pages={in review},
  year={2016},
  hyphenation={french}
}

@article{Han2013,
  title={Item Pocket Method to Allow Response Review and Change in Computerized Adaptive Testing.},
  author={Han, Kyung T.},
  journal={Applied Psychological Measurement},
  volume={37},
  number={4},
  pages={259--275},
  year={2013},
  publisher={ERIC},
  hyphenation={english}
}

@article{Wang2015,
  title={Sequential Design for Computerized Adaptive Testing that Allows for Response Revision},
  author={Wang, Shiyu and Fellouris, Georgios and Chang, Hua-Hua},
  journal={arXiv preprint arXiv:1501.01366},
  year={2015},
  hyphenation={english}
}

@incollection{Manouselis2011,
  title={Recommender systems in technology enhanced learning},
  author={Manouselis, Nikos and Drachsler, Hendrik and Vuorikari, Riina and Hummel, Hans and Koper, Rob},
  booktitle={Recommender systems handbook},
  pages={387--415},
  year={2011},
  publisher={Springer},
  hyphenation={english}
}

@inproceedings{Verbert2011,
  title={Dataset-driven research for improving recommender systems for learning},
  author={Verbert, Katrien and Drachsler, Hendrik and Manouselis, Nikos and Wolpers, Martin and Vuorikari, Riina and Duval, Erik},
  booktitle={Proceedings of the 1st International Conference on Learning Analytics and Knowledge},
  pages={44--53},
  year={2011},
  organization={ACM},
  hyphenation={english}
}

@inproceedings{Bergner2015,
  title={Estimation of ability from homework items when there are missing and/or multiple attempts},
  author={Bergner, Yoav and Colvin, Kimberly and Pritchard, David E.},
  booktitle={Proceedings of the Fifth International Conference on Learning Analytics And Knowledge},
  pages={118--125},
  year={2015},
  organization={ACM},
  hyphenation={english}
}

@article{Eva2004,
  title={How can I know what I don't know? Poor self assessment in a well-defined domain},
  author={Eva, Kevin W. and Cunnington, John P. W. and Reiter, Harold I. and Keane, David R. and Norman, Geoffrey R.},
  journal={Advances in Health Sciences Education},
  volume={9},
  number={3},
  pages={211--224},
  year={2004},
  publisher={Springer},
  hyphenation={english}
}

@inproceedings{Feldman2015,
  title={Certifying and removing disparate impact},
  author={Feldman, Michael and Friedler, Sorelle A. and Moeller, John and Scheidegger, Carlos and Venkatasubramanian, Suresh},
  booktitle={Proceedings of the 21th ACM SIGKDD International Conference on Knowledge Discovery and Data Mining},
  pages={259--268},
  year={2015},
  organization={ACM},
  hyphenation={english}
}

@article{Doan2011,
  title={Crowdsourcing systems on the world-wide web},
  author={Doan, Anhai and Ramakrishnan, Raghu and Halevy, Alon Y.},
  journal={Communications of the ACM},
  volume={54},
  number={4},
  pages={86--96},
  year={2011},
  publisher={ACM},
  hyphenation={english}
}

@book{Zeileis2012,
  title={Flexible Generation of E-Learning Exams in R: Moodle Quizzes, OLAT Assessments, and Beyond},
  author={Zeileis, Achim and Umlauf, Nikolaus and Leisch, Friedrich and others},
  year={2012},
  publisher={Department of Economics (Inst. f{\"u}r Wirtschaftstheorie und Wirtschaftsgeschichte)},
  hyphenation={english}
}

@article{Kulesza2012,
  title={Determinantal point processes for machine learning},
  author={Kulesza, Alex and Taskar, Ben},
  journal={arXiv preprint arXiv:1207.6083},
  year={2012},
  hyphenation={english}
}

@inproceedings{Hoi2006,
  title={Batch mode active learning and its application to medical image classification},
  author={Hoi, Steven C. H. and Jin, Rong and Zhu, Jianke and Lyu, Michael R.},
  booktitle={Proceedings of the 23rd international conference on Machine learning},
  pages={417--424},
  year={2006},
  organization={ACM},
  hyphenation={english}
}

@article{Magis2015,
  title={Empirical comparison of scoring rules at early stages of CAT},
  author={Magis, David},
  year={2015},
  hyphenation={english}
}

@article{Dunlosky2013,
  title={Improving students‚Äô learning with effective learning techniques promising directions from cognitive and educational psychology},
  author={Dunlosky, John and Rawson, Katherine A. and Marsh, Elizabeth J. and Nathan, Mitchell J. and Willingham, Daniel T.},
  journal={Psychological Science in the Public Interest},
  volume={14},
  number={1},
  pages={4--58},
  year={2013},
  publisher={Sage Publications},
  hyphenation={english}
}

@article{Chalmers2012,
  title={mirt: A multidimensional item response theory package for the R environment},
  author={Chalmers, R. Philip},
  journal={Journal of Statistical Software},
  volume={48},
  number={6},
  pages={1--29},
  year={2012},
  hyphenation={english}
}

@misc{Chalmers2015,
  title={mirtCAT: computerized adaptive testing with multidimensional item response theory. R package version 0.6. 1},
  author={Chalmers, R. P.},
  year={2015},
  hyphenation={english}
}

@article{Cai2010,
  title={High-dimensional exploratory item factor analysis by a Metropolis--Hastings Robbins--Monro algorithm},
  author={Cai, Li},
  journal={Psychometrika},
  volume={75},
  number={1},
  pages={33--57},
  year={2010},
  publisher={Springer},
  hyphenation={english}
}

@article{Cai2010b,
  title={Metropolis-Hastings Robbins-Monro algorithm for confirmatory item factor analysis},
  author={Cai, Li},
  journal={Journal of Educational and Behavioral Statistics},
  volume={35},
  number={3},
  pages={307--335},
  year={2010},
  publisher={Sage Publications},
  hyphenation={english}
}

@techreport{Smolensky1986,
  title={Information processing in dynamical systems: Foundations of harmony theory},
  author={Smolensky, Paul},
  year={1986},
  institution={DTIC Document},
  hyphenation={english}
}

@article{Hinton2006,
  title={Reducing the dimensionality of data with neural networks},
  author={Hinton, Geoffrey E. and Salakhutdinov, Ruslan R.},
  journal={Science},
  volume={313},
  number={5786},
  pages={504--507},
  year={2006},
  publisher={American Association for the Advancement of Science},
  hyphenation={english}
}

@article{Rashid2008,
  title={Learning preferences of new users in recommender systems: an information theoretic approach},
  author={Rashid, Al Mamunur and Karypis, George and Riedl, John},
  journal={ACM SIGKDD Explorations Newsletter},
  volume={10},
  number={2},
  pages={90--100},
  year={2008},
  publisher={ACM},
  hyphenation={english}
}

@article{Chalmers2016,
  title={Generating Adaptive and Non-Adaptive Test Interfaces for Multidimensional Item Response Theory Applications},
  author={Chalmers, R. Philip},
  journal={Journal of Statistical Software},
  volume={71},
  number={1},
  pages={1--38},
  year={2016},
  hyphenation={english}
}

@inproceedings{Van2013,
  title={Deep content-based music recommendation},
  author={Van den Oord, Aaron and Dieleman, Sander and Schrauwen, Benjamin},
  booktitle={Advances in Neural Information Processing Systems},
  pages={2643--2651},
  year={2013},
  hyphenation={english}
}

@mastersthesis{Altiner2011,
  title={Integrating a computer-based flashcard program into academic vocabulary learning},
  author={Altiner, Cennet},
  school={Iowa State University},
  year={2011},
  publisher="{Digital Repository @ Iowa State University}",
  hyphenation={english}
}

@article{Moore2016,
  title={Improving Learning Through Stealth Assessment of Conscientiousness},
  author={Moore, Gregory R. and Shute, Valerie J.},
  year={2016},
  hyphenation={english}
}

@article{DeLaTorre2009,
  title={DINA model and parameter estimation: A didactic},
  author={De La Torre, Jimmy},
  journal={Journal of Educational and Behavioral Statistics},
  volume={34},
  number={1},
  pages={115--130},
  year={2009},
  publisher={SAGE Publications},
  hyphenation={english}
}

@article{Templin2014,
  author="Templin, Jonathan
  and Bradshaw, Laine",
  title="Hierarchical Diagnostic Classification Models: A Family of Models for Estimating and Testing Attribute Hierarchies",
  journal="Psychometrika",
  year="2014",
  volume="79",
  number="2",
  pages="317--339",
  abstract="Although latent attributes that follow a hierarchical structure are anticipated in many areas of educational and psychological assessment, current psychometric models are limited in their capacity to objectively evaluate the presence of such attribute hierarchies. This paper introduces the Hierarchical Diagnostic Classification Model (HDCM), which adapts the Log-linear Cognitive Diagnosis Model to cases where attribute hierarchies are present. The utility of the HDCM is demonstrated through simulation and by an empirical example. Simulation study results show the HDCM is efficiently estimated and can accurately test for the presence of an attribute hierarchy statistically, a feature not possible when using more commonly used DCMs. Empirically, the HDCM is used to test for the presence of a suspected attribute hierarchy in a test of English grammar, confirming the data is more adequately represented by hierarchical attribute structure when compared to a crossed, or nonhierarchical structure.",
  issn="1860-0980",
  doi="10.1007/s11336-013-9362-0",
  url="http://dx.doi.org/10.1007/s11336-013-9362-0",
  hyphenation={english}
}

@article{Tatsuoka2002,
  title={Data analytic methods for latent partially ordered classification models},
  author={Tatsuoka, Curtis},
  journal={Journal of the Royal Statistical Society: Series C (Applied Statistics)},
  volume={51},
  number={3},
  pages={337--350},
  year={2002},
  publisher={Wiley Online Library},
  hyphenation={english}
}

@article{Shute2013,
  title={Assessment and learning of qualitative physics in newton's playground},
  author={Shute, Valerie J. and Ventura, Matthew and Kim, Yoon Jeon},
  journal={The Journal of Educational Research},
  volume={106},
  number={6},
  pages={423--430},
  year={2013},
  publisher={Taylor \& Francis},
  hyphenation={english}
}

@article{Lee2010,
  title={Sparse logistic principal components analysis for binary data},
  author={Lee, Seokho and Huang, Jianhua Z. and Hu, Jianhua},
  journal={The annals of applied statistics},
  volume={4},
  number={3},
  pages={1579--1601},
  year={2010},
  publisher={NIH Public Access},
  hyphenation={english}
}

@article{Shute2011,
  title={Stealth assessment in computer-based games to support learning},
  author={Shute, Valerie J.},
  journal={Computer games and instruction},
  volume={55},
  number={2},
  pages={503--524},
  year={2011},
  hyphenation={english}
}

@book{Bartholomew2008,
  title={Analysis of multivariate social science data},
  author={Bartholomew, David J. and Steele, Fiona and Galbraith, Jane and Moustaki, Irini},
  year={2008},
  publisher={CRC press},
  hyphenation={english}
}

@inproceedings{Papamitsiou2014,
  title={Temporal learning analytics for computer based testing},
  author={Papamitsiou, Zacharoula K. and Terzis, Vasileios and Economides, Anastasios A.},
  booktitle={Proceedings of the Fourth International Conference on Learning Analytics And Knowledge},
  pages={31--35},
  year={2014},
  organization={ACM},
  hyphenation={english}
}

@article{Aleven2016,
  author="Aleven, Vincent
  and McLaren, Bruce M.
  and Sewall, Jonathan
  and van Velsen, Martin
  and Popescu, Octav
  and Demi, Sandra
  and Ringenberg, Michael
  and Koedinger, Kenneth R.",
  title="Example-Tracing Tutors: Intelligent Tutor Development for Non-programmers",
  journal="International Journal of Artificial Intelligence in Education",
  year="2016",
  volume="26",
  number="1",
  pages="224--269",
  abstract="In 2009, we reported on a new Intelligent Tutoring Systems (ITS) technology, example-tracing tutors, that can be built without programming using the Cognitive Tutor Authoring Tools (CTAT). Creating example-tracing tutors was shown to be 4--8 times as cost-effective as estimates for ITS development from the literature. Since 2009, CTAT and its associated learning management system, the Tutorshop, have been extended and have been used for both research and real-world instruction. As evidence that example-tracing tutors are an effective and mature ITS paradigm, CTAT-built tutors have been used by approximately 44,000 students and account for 40¬†{\%} of the data sets in DataShop, a large open repository for educational technology data sets. We review 18 example-tracing tutors built since 2009, which have been shown to be effective in helping students learn in real educational settings, often with large pre/post effect sizes. These tutors support a variety of pedagogical approaches, beyond step-based problem solving, including collaborative learning, educational games, and guided invention activities. CTAT and other ITS authoring tools illustrate that non-programmer approaches to building ITS are viable and useful and will likely play a key role in making ITS widespread.",
  issn="1560-4306",
  doi="10.1007/s40593-015-0088-2",
  url="http://dx.doi.org/10.1007/s40593-015-0088-2",
  hyphenation={english}
}

@phdthesis{Lalle2013,
  TITLE = {{Assistance √† la construction et √† la comparaison de techniques de diagnostic des connaissances}},
  AUTHOR = {Lall{\'e}, S{\'e}bastien},
  URL = {https://tel.archives-ouvertes.fr/tel-01135183},
  NUMBER = {2013GRENM042},
  SCHOOL = {{Universit{\'e} de Grenoble}},
  YEAR = {2013},
  MONTH = Dec,
  KEYWORDS = {Authoring tool ; Machine learning ; Student modelling ; Knowledge diagnostic ; ITS ; Apprentissage autoamtique ; Benchmark ; Mod{\`e}le d'apprenant ; Outil auteur ; EIAH ; Diagnostic des connaissances},
  TYPE = {Th√®ses},
  PDF = {https://tel.archives-ouvertes.fr/tel-01135183/file/36750_LALLE_2013_diffusion.pdf},
  HAL_ID = {tel-01135183},
  HAL_VERSION = {v1},
  hyphenation={french}
}

@inproceedings{Cable2013,
  title={Un outil auteur pour une g{\'e}n{\'e}ration semi-automatique d‚Äôexercices d‚Äôauto-{\'e}valuation},
  author={Cabl{\'e}, Baptiste and Guin, Nathalie and Lefevre, Marie},
  booktitle={6e Conf{\'e}rence sur les Environnements Informatiques pour l‚ÄôApprentissage Humain},
  pages={155},
  year={2013},
  hyphenation={french}
}
